
@article{FrancesGarcia2009,
	title = {Elementos para el estudio de la estratificación social en las sociedades avanzadas: estrategias operativas},
	volume = {3},
	issn = {1989-1385},
	journal = {Revista Obets},
	author = {Francés García, Francisco José},
	year = {2009},
	file = {Francés García - 2009 - Elementos para el estudio de la estratificación social en las sociedades avanzadas estrategias operativas:C\:\\Users\\Chicho\\Zotero\\storage\\C72AZV3G\\Francés García - 2009 - Elementos para el estudio de la estratificación social en las sociedades avanzadas estrategias operativas.pdf:application/pdf},
}

@article{FeitoAlonso1995b,
	title = {Mujeres y analisis de clases},
	issn = {0210-5233},
	journal = {Reis},
	author = {Feito Alonso, Rafael},
	year = {1995},
	pages = {149--171},
	file = {Feito Alonso - 1995 - Mujeres y analisis de clases.pdf:C\:\\Users\\Chicho\\Zotero\\storage\\R3ZAY39A\\Feito Alonso - 1995 - Mujeres y analisis de clases.pdf:application/pdf},
}

@article{Bourdieu1990,
	title = {Espacio social y génesis de las clases},
	url = {http://theomai.unq.edu.ar/conflictos_sociales/P.%20Bourdieu_(EspacioSocial_y_genesisClases).pdf},
	urldate = {2015-03-19},
	journal = {Sociología y cultura},
	author = {Bourdieu, Pierre},
	year = {1990},
	pages = {281--309},
	file = {Bourdieu - 1990 - Espacio social y génesis de las clases.pdf:C\:\\Users\\Chicho\\Zotero\\storage\\S2ZNBHVH\\Bourdieu - 1990 - Espacio social y génesis de las clases.pdf:application/pdf},
}

@book{Lipset.Bendix1963,
	address = {Buenos Aires},
	title = {La movilidad social en la sociedad industrial},
	publisher = {Eudeba},
	author = {Lipset, Seymour Martin and Bendix, Reinhard},
	year = {1963},
}

@article{Wright1992,
	title = {Reflexionando, una vez más, sobre el concepto de estructura de clases},
	issn = {0210-2692},
	number = {59},
	journal = {Zona abierta},
	author = {Wright, Erik Olin},
	year = {1992},
	keywords = {Estratificación, capitulo 1.1},
	pages = {17--126},
	file = {Wright - 1992 - Reflexionando, una vez más, sobre el concepto de estructura de clases:C\:\\Users\\Chicho\\Zotero\\storage\\K7ZZFTSV\\Wright - 1992 - Reflexionando, una vez más, sobre el concepto de estructura de clases.pdf:application/pdf},
}

@book{Esping-Andersen2000,
	address = {Barcelona},
	title = {Fundamentos sociales de las economías postindustriales},
	url = {http://www.fes-web.org/uploads-private/res/files/res-01/12.pdf},
	urldate = {2015-05-08},
	publisher = {Ariel},
	author = {Esping-Andersen, Gosta},
	year = {2000},
	keywords = {leido},
	file = {Esping-Andersen - 2000 - Fundamentos sociales de las economías postindustri.pdf:C\:\\Users\\Chicho\\Zotero\\storage\\AF8PN5DN\\Esping-Andersen - 2000 - Fundamentos sociales de las economías postindustri.pdf:application/pdf;Fundamentos sociales de las economías postindustriales by Esping - Andersen, Gösta (z-lib.org).pdf:C\:\\Users\\Chicho\\Zotero\\storage\\LGKL77M5\\Fundamentos sociales de las economías postindustriales by Esping - Andersen, Gösta (z-lib.org).pdf:application/pdf;Fundamentos sociales de las economías.pdf:C\:\\Users\\Chicho\\Zotero\\storage\\377H5X9Q\\Fundamentos sociales de las economías.pdf:application/pdf},
}

@misc{INDEC2003,
	title = {La nueva {Encuesta} {Permanente} de {Hogares} de {Argentina}: 2003},
	url = {https://www.indec.gob.ar/ftp/cuadros/sociedad/metodologia_eph_continua.pdf},
	author = {{INDEC}},
	year = {2003},
	file = {INDEC - 2003 - La nueva Encuesta Permanente de Hogares de Argenti.pdf:C\:\\Users\\Chicho\\Zotero\\storage\\X4L6ESC5\\INDEC - 2003 - La nueva Encuesta Permanente de Hogares de Argenti.pdf:application/pdf},
}

@incollection{Germani1963,
	address = {Buenos Aires},
	title = {La movilidad social en la {Argentina}},
	booktitle = {Movilidad social en la sociedad industrial},
	publisher = {EUDEBA},
	author = {Germani, Gino},
	collaborator = {Lipset, Seymour Martin and Bendix, Reinhard},
	year = {1963},
	keywords = {capitulo 3.3},
}

@article{Savage.etal2013,
	title = {A new model of social class? {Findings} from the {BBC}’s {Great} {British} {Class} {Survey} {Experiment}},
	volume = {47},
	issn = {0038-0385},
	number = {2},
	journal = {Sociology},
	author = {Savage, Mike and Devine, Fiona and Cunningham, Niall and Taylor, Mark and Li, Yaojun and Hjellbrekke, Johs and Le Roux, Brigitte and Friedman, Sam and Miles, Andrew},
	year = {2013},
	pages = {219--250},
	file = {Savage et al. - 2013 - A new model of social class Findings from the BBC’s Great British Class Survey Experiment:C\:\\Users\\Chicho\\Zotero\\storage\\JDJXCA5E\\Savage et al. - 2013 - A new model of social class Findings from the BBC’s Great British Class Survey Experiment.pdf:application/pdf},
}

@article{Erikson.etal1979,
	title = {Intergenerational class mobility in three {Western} {European} societies: {England}, {France} and {Sweden}.},
	volume = {30},
	number = {4},
	journal = {The British Journal of Sociology},
	author = {Erikson, Robert and Goldthorpe, John H. and Portocarero, Lucienne},
	year = {1979},
	pages = {415--441},
	file = {Erikson, Goldthorpe, Portocarero - 1979 - Intergenerational class mobility in three Western European societies:C\:\\Users\\Chicho\\Zotero\\storage\\G8MGTEB7\\Erikson, Goldthorpe, Portocarero - 1979 - Intergenerational class mobility in three Western European societies.pdf:application/pdf},
}

@article{Bergman.Joye2001,
	title = {Comparing {Social} {Stratification} {Schemata}},
	volume = {9},
	journal = {Cambridge Studies in Social Research},
	author = {Bergman, Manfred Max and Joye, Dominique},
	year = {2001},
	pages = {1--37},
	file = {Bergman, Joye - 2001 - Comparing Social Stratification Schemata:C\:\\Users\\Chicho\\Zotero\\storage\\KKWDM4NF\\Bergman, Joye - 2001 - Comparing Social Stratification Schemata.pdf:application/pdf},
}

@article{Germani1971,
	title = {Social {Stratification} and its historic evolution in {Argentina}},
	journal = {Historical Comparative Research Program in the Latin Cultural Area},
	author = {Germani, Gino},
	year = {1971},
	file = {Germani - 1971 - Social Stratification and its historic evolution in Argentina:C\:\\Users\\Chicho\\Zotero\\storage\\F7BZCE8S\\Germani - 1971 - Social Stratification and its historic evolution in Argentina.pdf:application/pdf},
}

@article{Dalle2010,
	title = {Estratificación social y movilidad en {Argentina} (1870-2010). {Huellas} de su conformación socio-histórica y significados de los cambios recientes},
	volume = {6},
	number = {8},
	journal = {Revista de Trabajo},
	author = {Dalle, Pablo},
	year = {2010},
	pages = {59--82},
	file = {Dalle - 2010 - Estratificación social y movilidad en Argentina (1870-2010). Huellas de su conformación socio-histórica y significados de:C\:\\Users\\Chicho\\Zotero\\storage\\FE8FPI7R\\Dalle - 2010 - Estratificación social y movilidad en Argentina (1870-2010). Huellas de su conformación socio-histórica y significados de.pdf:application/pdf},
}

@book{Parsons1954,
	address = {Buenos Aires},
	title = {Ensayos de teoría sociológica},
	publisher = {Paidós},
	author = {Parsons, Talcott},
	year = {1954},
	keywords = {capitulo 1.1},
	file = {Parsons - 1954 - Ensayos de teoría sociológica:C\:\\Users\\Chicho\\Zotero\\storage\\GG72763X\\Parsons - 1954 - Ensayos de teoría sociológica.pdf:application/pdf},
}

@book{Blau.Duncan1967,
	address = {New York},
	title = {The {American} occupational structure},
	urldate = {2015-03-17},
	publisher = {John Wiley \& Sons},
	author = {Blau, Peter M. and Duncan, Otis Dudley},
	year = {1967},
	file = {Snapshot:C\:\\Users\\Chicho\\Zotero\\storage\\HVRV3DBS\\eric.ed.gov.html:text/html},
}

@book{DAncona1996,
	title = {Metodología cuantitativa: estrategias y técnicas de investigación social},
	isbn = {84-7738-420-7},
	publisher = {Síntesis},
	author = {D'Ancona, María Angeles Cea},
	year = {1996},
	file = {D'Ancona y Ángeles - 1996 - Metodología cuantitativa estrategias y técnicas d.pdf:C\:\\Users\\Chicho\\Zotero\\storage\\NAUS7UVS\\D'Ancona y Ángeles - 1996 - Metodología cuantitativa estrategias y técnicas d.pdf:application/pdf},
}

@article{Mendez.Gayo2007,
	title = {El perfil de un debate: movilidad y meritocracia. {Contribución} al estudio de las sociedades latinoamericanas},
	journal = {Rolando Franco; Arturo León y Raúl Atria (coords.). Estratificación y movilidad social en América Latina. Transformaciones estructurales de un cuarto de siglo. Santiago de Chile: LOM ediciones},
	author = {Méndez, María Luisa and Gayo, Modesto},
	year = {2007},
	keywords = {movilidad social},
	pages = {121--157},
	file = {Méndez, Gayo - 2007 - El perfil de un debate movilidad y meritocracia. Contribución al estudio de las sociedades latinoamericanas:C\:\\Users\\Chicho\\Zotero\\storage\\3T97MNNC\\Méndez, Gayo - 2007 - El perfil de un debate movilidad y meritocracia. Contribución al estudio de las sociedades latinoamericanas.pdf:application/pdf},
}

@article{Cortes.Solis2006,
	title = {Notas sobre la generación de información para estudios de movilidad social},
	issn = {0185-4186},
	journal = {Estudios Sociológicos},
	author = {Cortés, Fernando and Solís, Patricio},
	year = {2006},
	pages = {491--499},
	file = {Cortés, Solís - 2006 - Notas sobre la generación de información para estudios de movilidad social:C\:\\Users\\Chicho\\Zotero\\storage\\2UASBN6A\\Cortés, Solís - 2006 - Notas sobre la generación de información para estudios de movilidad social.pdf:application/pdf},
}

@book{Germani1955,
	address = {Buenos Aires},
	title = {Estructura social de la {Argentina}: {Análisis} estadístico},
	publisher = {Solar},
	author = {Germani, Gino},
	year = {1955},
	keywords = {capitulo 3.3},
}

@book{Grusky2008,
	address = {New York},
	title = {Social {Stratification}. {Class}, {Race} and {Gender} in {Sociological} {Perspective}},
	publisher = {Westview Press},
	author = {Grusky, David},
	year = {2008},
	keywords = {capitulo 1.1, clase-bienestar},
	file = {Grusky - 2008 - Social Stratification. Class, Race and Gender in Sociological Perspective.pdf:C\:\\Users\\Chicho\\Zotero\\storage\\A4V2ZVAF\\Grusky - 2008 - Social Stratification. Class, Race and Gender in Sociological Perspective.pdf:application/pdf},
}

@book{Filgueira2001,
	title = {La actualidad de viejas temáticas: sobre los estudios de clase, estratificación y movilidad social en {América} {Latina}},
	isbn = {92-1-321888-5},
	publisher = {CEPAL},
	author = {Filgueira, Carlos},
	year = {2001},
	file = {Filgueira - 2001-La_actualidad_de_viejas_temticas_sobre_los_estudios_de_clase_estratificacin_y_movilidad_social_en_Amrica_L.pdf:C\:\\Users\\Chicho\\Zotero\\storage\\7ZXXZ3NW\\Filgueira - 2001-La_actualidad_de_viejas_temticas_sobre_los_estudios_de_clase_estratificacin_y_movilidad_social_en_Amrica_L.pdf:application/pdf},
}

@article{GomezRojas2011,
	title = {Las mujeres y el análisis de clases en la {Argentina}: una aproximación a su abordaje},
	volume = {24},
	journal = {Lavboratorio},
	author = {Gómez Rojas, Gabriela},
	year = {2011},
	keywords = {capitulo 3.3},
	file = {Gómez Rojas - 2011 - Las mujeres y el análisis de clases en la Argentin.pdf:C\:\\Users\\Chicho\\Zotero\\storage\\WRADC666\\Gómez Rojas - 2011 - Las mujeres y el análisis de clases en la Argentin.pdf:application/pdf},
}

@book{Germani.etal2010,
	title = {Gino {Germani}: la sociedad en cuestión: antología comentada},
	isbn = {987-1543-55-7},
	publisher = {Consejo Latinoamericano de Ciencias Sociales (CLACSO)},
	author = {Germani, Gino and Germani, Ana Alejandra and Mera, Carolina and Rebón, Julián},
	year = {2010},
	keywords = {capitulo 3.3},
	file = {Germani et al. - 2010 - Gino Germani la sociedad en cuestión antología comentada:C\:\\Users\\Chicho\\Zotero\\storage\\VR2IR25Q\\Germani et al. - 2010 - Gino Germani la sociedad en cuestión antología comentada.pdf:application/pdf},
}

@article{Goldthorpe.Heath1992,
	title = {Revised class schema 1992},
	url = {http://scholar.google.com/scholar?hl=en&btnG=Search&q=intitle:Revised+class+schema+1992#0},
	author = {Goldthorpe, John H. and Heath, AF},
	year = {1992},
	file = {Goldthorpe, Heath - 1992 - Revised class schema 1992:C\:\\Users\\Chicho\\Zotero\\storage\\2GBH3VXK\\Goldthorpe, Heath - 1992 - Revised class schema 1992.pdf:application/pdf},
}

@article{Chan.Goldthorpe2007,
	title = {Class and status: the conceptual distinction and its empirical relevance},
	volume = {72},
	shorttitle = {Class and status},
	url = {http://asr.sagepub.com/content/72/4/512.short},
	number = {4},
	urldate = {2015-04-09},
	journal = {American sociological review},
	author = {Chan, Tak Wing and Goldthorpe, John H.},
	year = {2007},
	pages = {512--532},
	file = {Chan y Goldthorpe - 2007 - Class and status the conceptual distinction and i.pdf:C\:\\Users\\Chicho\\Zotero\\storage\\H8AI24ZA\\Chan y Goldthorpe - 2007 - Class and status the conceptual distinction and i.pdf:application/pdf;Snapshot:C\:\\Users\\Chicho\\Zotero\\storage\\6MG5X3E8\\512.html:text/html},
}

@article{Carabana1997,
	title = {Esquemas y estructuras},
	issn = {0254-1106},
	number = {49},
	journal = {Revista crítica de ciências sociais},
	author = {Carabaña, Julio},
	year = {1997},
	keywords = {capitulo 1.1},
	pages = {67--91},
	file = {Carabaña - 1997 - Esquemas y estructuras:C\:\\Users\\Chicho\\Zotero\\storage\\RTS9SRAI\\Carabaña - 1997 - Esquemas y estructuras.pdf:application/pdf},
}

@book{Ossowski1963,
	address = {London},
	title = {Class structure in the social consciousness},
	isbn = {0-415-17618-2},
	publisher = {Taylor \& Francis},
	author = {Ossowski, Stanislaw},
	year = {1963},
	keywords = {capitulo 1.1},
	file = {Ossowski - 1998 - Class structure in the social consciousness.pdf:C\:\\Users\\Chicho\\Zotero\\storage\\JN7HRNKW\\Ossowski - 1998 - Class structure in the social consciousness.pdf:application/pdf},
}

@article{Clemenceau.etal2016,
	title = {Análisis de esquemas de clasificación social basados en la ocupación desde una perspectiva teórica-metodológica comparada},
	volume = {44},
	copyright = {All rights reserved},
	url = {http://iigg.sociales.uba.ar/2019/11/12/dji-n-44-analisis-de-esquemas-de-clasificacion-social-basados-en-la-ocupacion-desde-una-perspectiva-teorico-metodologica-comparada/},
	journal = {Documentos de Jóvenes Investigadores IIGG},
	author = {Clemenceau, Lautaro and Fernández Melián, María Clara and Rodríguez de la Fuente, José},
	year = {2016},
	file = {Clemenceau et al. - 2016 - Análisis de esquemas de clasificación social basad.pdf:C\:\\Users\\Chicho\\Zotero\\storage\\464Z7VG9\\Clemenceau et al. - 2016 - Análisis de esquemas de clasificación social basad.pdf:application/pdf},
}

@article{Touraine2005,
	title = {Un nuevo paradigma para entender el mundo de hoy},
	journal = {Barcelona, España. Editorial Paidos},
	author = {Touraine, Alain},
	year = {2005},
	file = {Touraine - 2005 - Un nuevo paradigma para entender el mundo de hoy.doc:C\:\\Users\\Chicho\\Zotero\\storage\\77RVR84E\\Touraine - 2005 - Un nuevo paradigma para entender el mundo de hoy.doc:application/msword;Touraine - 2005 - Un nuevo paradigma para entender el mundo de hoy.pdf:C\:\\Users\\Chicho\\Zotero\\storage\\M9ERQFR7\\Touraine - 2005 - Un nuevo paradigma para entender el mundo de hoy.pdf:application/pdf},
}

@article{Duncan.Hodge1963,
	title = {Education and occupational mobility a regression analysis},
	url = {http://www.jstor.org/stable/2775256},
	urldate = {2015-08-12},
	journal = {American Journal of Sociology},
	author = {Duncan, Otis Dudley and Hodge, Robert W.},
	year = {1963},
	pages = {629--644},
	file = {2775256.pdf:C\:\\Users\\Chicho\\Zotero\\storage\\HVB5ITWM\\2775256.pdf:application/pdf},
}

@book{CachonRodriguez1989,
	address = {Madrid},
	title = {¿{Movilidad} social o trayectorias de clase?: elementos para una crítica de la sociología de la movilidad social},
	urldate = {2016-02-05},
	publisher = {Centro de Investigaciones Sociológicas (CIS)},
	author = {Cachón Rodríguez, Lorenzo},
	year = {1989},
	keywords = {capitulo 1.1},
	file = {Snapshot:C\:\\Users\\Chicho\\Zotero\\storage\\5PGUZ8CB\\libro.html:text/html},
}

@book{Wright1994b,
	address = {España},
	title = {Clases},
	url = {http://dialnet.unirioja.es/servlet/libro?codigo=197835},
	urldate = {2016-05-08},
	publisher = {Siglo XXI},
	author = {Wright, Erik Olin},
	year = {1994},
	keywords = {capitulo 1.1},
	file = {Snapshot:C\:\\Users\\Chicho\\Zotero\\storage\\JDJNK686\\libro.html:text/html;Wright - 1994 - Clases.pdf:C\:\\Users\\Chicho\\Zotero\\storage\\CLFSQYSB\\Wright - 1994 - Clases.pdf:application/pdf},
}

@phdthesis{Benza2012,
	title = {Estructura de clases y movilidad intergeneracional en {Buenos} {Aires}: ¿el fin de una sociedad de “amplias clases medias”?},
	shorttitle = {Estructura de clases y movilidad intergeneracional en {Buenos} {Aires}},
	school = {tesis de doctorado, México, El Colegio de México, Centro de Estudios Sociológicos},
	author = {Benza, Gabriela},
	year = {2012},
	keywords = {capitulo 3.3},
	file = {Benza - 2012 - Estructura de clases y movilidad intergeneracional_unlocked.pdf:C\:\\Users\\Chicho\\Zotero\\storage\\HSENA67F\\Benza - 2012 - Estructura de clases y movilidad intergeneracional_unlocked.pdf:application/pdf},
}

@book{Dalle2016,
	address = {Buenos Aires},
	title = {Movilidad social desde las clases populares: un estudio sociológico en el Área {Metropolitana} de {Buenos} {Aires} 1960-2013},
	isbn = {978-950-29-1542-5},
	publisher = {IIGG-CLACSO},
	author = {Dalle, Pablo},
	year = {2016},
	keywords = {capitulo 3.3},
	file = {Dalle - 2016 - Movilidad social desde las clases populares un es.pdf:C\:\\Users\\Chicho\\Zotero\\storage\\BNBEM6CW\\Dalle - 2016 - Movilidad social desde las clases populares un es.pdf:application/pdf},
}

@book{Beck1998,
	address = {México},
	title = {La sociedad del riesgo: hacia una nueva modernidad},
	shorttitle = {La sociedad del riesgo},
	url = {http://atlas.umss.edu.bo:8080/xmlui/handle/123456789/337},
	urldate = {2016-05-04},
	publisher = {Paidós Ibérica},
	author = {Beck, Ulrich},
	year = {1998},
	file = {Beck, Ulrich - La sociedad del riesgo.  Hacia una nueva modernidad.pdf:C\:\\Users\\Chicho\\Zotero\\storage\\MH8MWG84\\Beck, Ulrich - La sociedad del riesgo.  Hacia una nueva modernidad.pdf:application/pdf},
}

@book{Lash2007,
	address = {Madrid},
	title = {Sociología del posmodernismo},
	url = {http://dialnet.unirioja.es/servlet/libro?codigo=318945},
	urldate = {2016-05-30},
	publisher = {Amorrortu},
	author = {Lash, Scott},
	year = {2007},
	file = {Lash - 2007 - Sociología del posmodernismo.pdf:C\:\\Users\\Chicho\\Zotero\\storage\\6C8DSAJW\\Lash - 2007 - Sociología del posmodernismo.pdf:application/pdf},
}

@book{Benza2014,
	address = {Ciudad de México},
	edition = {Cuadernos de Investigación en Desarrollo},
	title = {El estudio de las clases medias desde una perspectiva centrada en las desigualdades en oportunidades de vida},
	volume = {4},
	publisher = {Programa Universitario de Estudios del Desarrollo},
	author = {Benza, Gabriela},
	year = {2014},
	file = {Benza - 2014 - El estudio de las clases medias desde una perspect.pdf:C\:\\Users\\Chicho\\Zotero\\storage\\IA8BJCHC\\Benza - 2014 - El estudio de las clases medias desde una perspect.pdf:application/pdf;Benza - El estudio de las clases medias desde una perspect.pdf:C\:\\Users\\Chicho\\Zotero\\storage\\EPGCWKVN\\Benza - El estudio de las clases medias desde una perspect.pdf:application/pdf},
}

@book{Solis.Boado2016,
	address = {México},
	title = {Y sin embargo se mueve. {Estratificación} y movilidad intergeneracional de clase en {América} {Latina}},
	publisher = {Centro de Estudios Espinosa Yglesias},
	author = {Solís, Patricio and Boado, Marcelo},
	year = {2016},
	keywords = {clase-bienestar, capitulo 3.3},
	file = {Solís y Boado - 2016 - Y sin embargo se mueve. Estratificación y movilida.pdf:C\:\\Users\\Chicho\\Zotero\\storage\\3Q9M5NGD\\Solís y Boado - 2016 - Y sin embargo se mueve. Estratificación y movilida.pdf:application/pdf},
}

@article{Erikson.Goldthorpe2002,
	title = {Intergenerational inequality: {A} sociological perspective},
	volume = {16},
	shorttitle = {Intergenerational inequality},
	url = {http://www.ingentaconnect.com/content/aea/jep/2002/00000016/00000003/art00002},
	doi = {10.1257/089533002760278695},
	number = {3},
	urldate = {2016-10-06},
	journal = {The Journal of Economic Perspectives},
	author = {Erikson, Robert and Goldthorpe, John H.},
	year = {2002},
	keywords = {movilidad-bienestar},
	pages = {31--44},
	file = {Erikson y Goldthorpe - 2002 - Intergenerational inequality A sociological persp.pdf:C\:\\Users\\Chicho\\Zotero\\storage\\GRBPXMKN\\Erikson y Goldthorpe - 2002 - Intergenerational inequality A sociological persp.pdf:application/pdf},
}

@article{Sobel1981,
	title = {Diagonal {Mobility} {Models}: {A} {Substantively} {Motivated} {Class} of {Designs} for the {Analysis} of {Mobility} {Effects}},
	volume = {46},
	issn = {00031224},
	shorttitle = {Diagonal {Mobility} {Models}},
	url = {http://www.jstor.org/stable/2095086?origin=crossref},
	doi = {10.2307/2095086},
	number = {6},
	urldate = {2017-03-28},
	journal = {American Sociological Review},
	author = {Sobel, Michael E.},
	month = dec,
	year = {1981},
	pages = {893},
	file = {Sobel - 1981 - Diagonal Mobility Models A Substantively Motivate.pdf:C\:\\Users\\Chicho\\Zotero\\storage\\ZRQDIZQE\\Sobel - 1981 - Diagonal Mobility Models A Substantively Motivate.pdf:application/pdf},
}

@article{Goldthorpe1983,
	title = {Women and class analysis: in defence of the conventional view},
	volume = {17},
	shorttitle = {Women and class analysis},
	url = {http://journals.sagepub.com/doi/abs/10.1177/0038038583017004001},
	number = {4},
	urldate = {2017-04-26},
	journal = {Sociology},
	author = {Goldthorpe, John H.},
	year = {1983},
	pages = {465--488},
	file = {goldthorpe2.pdf:C\:\\Users\\Chicho\\Zotero\\storage\\776DPCEE\\goldthorpe2.pdf:application/pdf},
}

@book{Pla2016,
	address = {Buenos Aires},
	title = {Condiciones objetivas y esperanzas subjetivas. {Movilidad} social y marcos de (in) certidumbre. {Un} abordaje multidimensional de las trayectorias de clase. {Argentina} durante la primera década del siglo {XXI}},
	publisher = {Editorial Autores de Argentina},
	author = {Pla, Jésica},
	year = {2016},
	keywords = {capitulo 3.3},
	file = {Pla - 2016 - Condiciones objetivas y esperanzas subjetivas. Mov.pdf:C\:\\Users\\Chicho\\Zotero\\storage\\PCCAQRCJ\\Pla - 2016 - Condiciones objetivas y esperanzas subjetivas. Mov.pdf:application/pdf},
}

@article{Dubet2015,
	title = {Clases sociales y descripción de la sociedad},
	url = {http://www.revistaensambles.com.ar/ojs-2.4.1/index.php/ensambles/article/download/66/36},
	number = {3},
	urldate = {2017-07-24},
	journal = {Revista Ensambles},
	author = {Dubet, François},
	year = {2015},
	keywords = {capitulo 1.1},
	file = {Dubet - 2015 - Clases sociales y descripción de la sociedad.pdf:C\:\\Users\\Chicho\\Zotero\\storage\\WA5ESVJ3\\Dubet - 2015 - Clases sociales y descripción de la sociedad.pdf:application/pdf},
}

@book{Torrado.Rofman1988,
	title = {Clases sociales, familia y comportamientos sociodemográficos: {Argentina} 1970},
	shorttitle = {Clases sociales, familia y comportamientos sociodemográficos},
	number = {26},
	publisher = {Centro de Estudios Urbanos y Regionales},
	author = {Torrado, Susana and Rofman, Rafael},
	year = {1988},
	file = {Torrado y Rofman - 1988 - Clases sociales, familia y comportamientos sociode.pdf:C\:\\Users\\Chicho\\Zotero\\storage\\S4NIAC36\\Torrado y Rofman - 1988 - Clases sociales, familia y comportamientos sociode.pdf:application/pdf},
}

@article{Tokman1987,
	title = {El sector informal: quince años después},
	volume = {54},
	shorttitle = {El sector informal},
	url = {http://www.jstor.org/stable/23397333},
	number = {215 (3},
	urldate = {2017-08-24},
	journal = {El Trimestre Económico},
	author = {Tokman, Víctor E.},
	year = {1987},
	pages = {513--536},
	file = {Tokman - 1987 - El sector informal quince años después.pdf:C\:\\Users\\Chicho\\Zotero\\storage\\4VEVKAN8\\Tokman - 1987 - El sector informal quince años después.pdf:application/pdf},
}

@book{Breen2004,
	address = {Oxford ; New York},
	title = {Social mobility in {Europe}},
	isbn = {978-0-19-925845-1},
	publisher = {Oxford University Press},
	editor = {Breen, Richard},
	year = {2004},
	note = {OCLC: ocm56539319},
	keywords = {Social mobility, Europe},
	file = {Breen - 2004 - Social mobility in Europe.pdf:C\:\\Users\\Chicho\\Zotero\\storage\\CCU75KZU\\Breen - 2004 - Social mobility in Europe.pdf:application/pdf},
}

@article{Torrado1995,
	title = {Vivir apurado para morirse joven: reflexiones sobre la transferencia intergeneracional de la pobreza},
	volume = {7},
	shorttitle = {Vivir apurado para morirse joven},
	url = {http://www.ignaciodarnaude.com/espiritualismo/Torrado,Vivir%20en%20apuros%20para%20morirse%20joven.doc},
	journal = {Revista Sociedad},
	author = {Torrado, Susana},
	year = {1995},
	keywords = {capitulo 3.3},
	file = {Full Text:C\:\\Users\\Chicho\\Zotero\\storage\\DUG4J8BZ\\Torrado - 1995 - Vivir apurado para morirse joven reflexiones sobr.doc:application/msword;Torrado - 1995 - Vivir apurado para morirse joven reflexiones sobr.pdf:C\:\\Users\\Chicho\\Zotero\\storage\\7XCX236I\\Torrado - 1995 - Vivir apurado para morirse joven reflexiones sobr.pdf:application/pdf},
}

@article{Erikson1984,
	title = {Social {Class} of {Men}, {Women} and {Families}},
	volume = {18},
	issn = {0038-0385, 1469-8684},
	url = {http://journals.sagepub.com/doi/10.1177/0038038584018004003},
	doi = {10.1177/0038038584018004003},
	language = {en},
	number = {4},
	urldate = {2018-02-04},
	journal = {Sociology},
	author = {Erikson, Robert},
	month = nov,
	year = {1984},
	pages = {500--514},
	file = {Erikson - 1984 - Social Class of Men, Women and Families.pdf:C\:\\Users\\Chicho\\Zotero\\storage\\L257VDVY\\Erikson - 1984 - Social Class of Men, Women and Families.pdf:application/pdf},
}

@article{Pla.RodriguezdelaFuente2016,
	title = {Tendencias de movilidad social en la {Argentina} de las dos últimas décadas: 1995-2010},
	volume = {101},
	copyright = {Copyright (c) 2016 Jésica Lorena Pla, José Javier Rodríguez de la Fuente},
	issn = {2013-9004},
	shorttitle = {Tendencias de movilidad social en la {Argentina} de las dos últimas décadas},
	url = {http://papers.uab.cat/article/view/v101-n4-pla-rodriguez},
	doi = {10.5565/rev/papers.2156},
	abstract = {En este artículo, se muestran las principales tendencias de movilidad social en la Región Metropolitana de Buenos Aires, durante el período 1995-2010, por medio de tasas absolutas y tasas relativas. Se utilizaron datos primarios provenientes de cuatro encuestas diferentes, realizadas por el Centro de Estudios de Opinión Pública (CEDOP), de la Facultad de Ciencias Sociales (UBA), en 1995, durante el periodo 2003-2004, en el año 2007 y durante el lapso 2009-2010, respectivamente. Los principales resultados a los que se arribó describen que, entre la década de 1990 y finales del año 2000, las tasas absolutas de movilidad social disminuyeron. Particularmente, se observa, durante los años noventa, que la clase trabajadora (manual) asume un papel distribuidor por todas las clases sociales. Estas tendencias se explican por efecto del proceso de apertura económica, descentralización, desindustrialización y flexibilización de la economía. Por el contrario, durante la década de 2000, se observa una mayor herencia dentro de dicha clase social, como efecto contrario a la década anterior, en un contexto de recomposición del mercado de trabajo, de aumento de la demanda de empleo y de revitalización de sectores como la industria, el transporte y la construcción. Desde el análisis de la movilidad relativa, en cambio, observamos que el patrón de movilidad tendió a hacerse más rígido. Es decir, sin considerar los cambios estructurales, el origen social tiene mayor peso en el destino de una persona.},
	language = {es},
	number = {4},
	urldate = {2018-03-19},
	journal = {Papers. Revista de Sociologia},
	author = {Pla, Jésica and Rodríguez de la Fuente, José Javier},
	month = oct,
	year = {2016},
	keywords = {social class, social fluidity, clases sociales, classes socials, estratificació social, estratificación social, estructura social, fluïdesa social, fluidez social, reproducció social, reproducción social, social reproduction, social stratification, social structure, capitulo 3.3},
	pages = {473--502},
	file = {Full Text PDF:C\:\\Users\\Chicho\\Zotero\\storage\\ALD2WDYY\\Pla y Fuente - 2016 - Tendencias de movilidad social en la Argentina de .pdf:application/pdf},
}

@book{Treiman1977,
	address = {New York},
	title = {Occupational prestige in comparative perspective},
	publisher = {Academic Press},
	author = {Treiman, Donald J.},
	year = {1977},
	file = {Snapshot:C\:\\Users\\Chicho\\Zotero\\storage\\8DR982RT\\books.html:text/html;Treiman - 2013 - Occupational prestige in comparative perspective.pdf:C\:\\Users\\Chicho\\Zotero\\storage\\AYLKYYX8\\Treiman - 2013 - Occupational prestige in comparative perspective.pdf:application/pdf},
}

@article{Ganzeboom.etal1992,
	title = {A standard international socio-economic index of occupational status},
	volume = {21},
	number = {1},
	journal = {Social science research},
	author = {Ganzeboom, Harry and De Graaf, Paul M. and Treiman, Donald J.},
	year = {1992},
	pages = {1--56},
	file = {Fulltext:C\:\\Users\\Chicho\\Zotero\\storage\\EUGV3KAX\\Ganzeboom et al. - 1992 - A standard international socio-economic index of o.pdf:application/pdf;Snapshot:C\:\\Users\\Chicho\\Zotero\\storage\\7WNA4L9W\\0049089X9290017B.html:text/html},
}

@incollection{Breen2005,
	address = {New York},
	title = {Foundations of a neo-{Weberian} class analysis},
	booktitle = {Approaches to class analysis},
	publisher = {Cambridge University Press},
	author = {Breen, Richard},
	collaborator = {Wright, Erik Olin},
	year = {2005},
	pages = {31--50},
	file = {Fulltext:C\:\\Users\\Chicho\\Zotero\\storage\\EUEAFFAT\\Breen - 2005 - Foundations of a neo-Weberian class analysis.pdf:application/pdf;Snapshot:C\:\\Users\\Chicho\\Zotero\\storage\\QW5WERPV\\books.html:text/html},
}

@misc{Sautu.etal2007,
	title = {La construcción de un esquema de clases a partir de datos secundarios},
	language = {es},
	publisher = {(Documento de Cátedra II. 4). Metodología de la Investigación Social II, cátedra Sautu, Facultad de Ciencias Sociales-UBA},
	author = {Sautu, Ruth and Dalle, Pablo and Otero, María Pía and Rodríguez, Santiago},
	year = {2007},
	file = {Ruth - Documento de Cátedra 33 LA CONSTRUCCIÓN DE UN ESQ.pdf:C\:\\Users\\Chicho\\Zotero\\storage\\398JMD48\\Ruth - Documento de Cátedra 33 LA CONSTRUCCIÓN DE UN ESQ.pdf:application/pdf},
}

@article{Goldthorpe.McKnight2006,
	title = {The economic basis of social class},
	journal = {Mobility and inequality: Frontiers of research from sociology and economics},
	author = {Goldthorpe, John H. and McKnight, Abigail},
	year = {2006},
	pages = {109--36},
	file = {Fulltext:C\:\\Users\\Chicho\\Zotero\\storage\\FGEZ5MU8\\Goldthorpe y McKnight - 2006 - The economic basis of social class.pdf:application/pdf;Snapshot:C\:\\Users\\Chicho\\Zotero\\storage\\RTFQPMF9\\books.html:text/html;The_Economic_Basis_of_Social_Class.pdf:C\:\\Users\\Chicho\\Zotero\\storage\\2FC9CQ8W\\The_Economic_Basis_of_Social_Class.pdf:application/pdf},
}

@article{Riveiro2017,
	title = {Apuntes críticos sobre las relaciones de género en los estudios de movilidad social intergeneracional},
	number = {27},
	journal = {Lavboratorio},
	author = {Riveiro, Manuel},
	year = {2017},
	pages = {113--129},
	file = {Riveiro - 2017 - Apuntes críticos sobre las relaciones de género en.pdf:C\:\\Users\\Chicho\\Zotero\\storage\\HC3JTA3F\\Riveiro - 2017 - Apuntes críticos sobre las relaciones de género en.pdf:application/pdf},
}

@article{Dalle.Stiberman2017,
	title = {Clases populares en {Argentina}: cambios recientes en su composición ocupacional (1998-2015)},
	volume = {14},
	copyright = {Copyright (c) 2018 Encrucijadas - Revista Crítica de Ciencias Sociales},
	issn = {2174-6753},
	shorttitle = {Clases populares en {Argentina}},
	url = {http://www.encrucijadas.org/index.php/ojs/article/view/300},
	abstract = {La desindustrialización que acompañó la apertura económica y la desarticulación del Estado de Bienestar durante la dictadura y con mayor profundidad en la década de 1990, tuvieron efectos regresivos sobre la estructura social. Una de las consecuencias más importantes fue la desestructuración y reducción de la clase obrera industrial, que había sido durante el período de industrialización por sustitución de importaciones el núcleo más dinámico de las clases populares. En la última década, en el marco de un elevado crecimiento económico apoyado en la exportación de commodities y sobre todo en la expansión del mercado interno, el giro en el modelo de desarrollo se ha orientado a favorecer al sector productivo. Si bien hay consenso sobre los efectos favorables de estos procesos en las tendencias de empleo, existen divergencias acerca de su impacto en la estructura de clases.En este trabajo nos proponemos analizar la evolución del volumen y composición de las clases populares, en particular de la clase obrera, entre 1998 y 2013. Específicamente, analizaremos qué tipo de reconfiguraciones se produjeron en las clases populares a partir de identificar fracciones según el tipo de ocupación, la calificación y la condición de registro en la seguridad social.},
	language = {es},
	number = {0},
	urldate = {2018-09-04},
	journal = {Encrucijadas - Revista Crítica de Ciencias Sociales},
	author = {Dalle, Pablo and Stiberman, Laura},
	month = dec,
	year = {2017},
	keywords = {capitulo 3.3, acceso a  seguridad social., access to social security., asalarización, calificación, clase obrera, clases populares, popular classes, qualification, salaryzation, working class},
	pages = {1405},
	file = {Full Text PDF:C\:\\Users\\Chicho\\Zotero\\storage\\MTEQL49L\\Dalle y Stiberman - 2017 - Clases populares en Argentina cambios recientes e.pdf:application/pdf;Snapshot:C\:\\Users\\Chicho\\Zotero\\storage\\DC9FEYNN\\300.html:text/html},
}

@incollection{Torrado2007,
	address = {Buenos Aires},
	title = {Estrategias de desarrollo, estructura social y movilidad},
	volume = {I},
	booktitle = {Población y bienestar en la {Argentina} del primero al segundo centenario. {Una} historia social del siglo {XX}},
	publisher = {Edhasa},
	author = {Torrado, Susana},
	editor = {Torrado, Susana},
	year = {2007},
	keywords = {capitulo 3.3},
	file = {Torrado - 2007 - Estrategias de desarrollo, estructura social y mov.pdf:C\:\\Users\\Chicho\\Zotero\\storage\\QUJ5GQT9\\Torrado - 2007 - Estrategias de desarrollo, estructura social y mov.pdf:application/pdf},
}

@article{Palomino.Dalle2012,
	title = {El impacto de los cambios ocupacionales en la estructura social de la {Argentina}: 2003-2011},
	volume = {10},
	shorttitle = {El impacto de los cambios ocupacionales en la estructura social de la {Argentina}},
	url = {http://www.trabajo.gob.ar/downloads/estadisticas/2012n10_revistaDeTrabajo.pdf},
	number = {8},
	journal = {Revista de trabajo},
	author = {Palomino, Héctor and Dalle, Pablo},
	year = {2012},
	pages = {205--223},
	file = {Fulltext:C\:\\Users\\Chicho\\Zotero\\storage\\XYB5W5X7\\Palomino y Dalle - 2012 - El impacto de los cambios ocupacionales en la estr.pdf:application/pdf;Snapshot:C\:\\Users\\Chicho\\Zotero\\storage\\QA8TGKJR\\Palomino y Dalle - 2012 - El impacto de los cambios ocupacionales en la estr.pdf:application/pdf},
}

@article{Pla.etal2018,
	title = {Clases sociales y condiciones de vida en el {Gran} {Buenos} {Aires} (2003-2013)},
	volume = {41},
	copyright = {Copyright (c) 2018 Revista Colombiana de Sociología},
	issn = {2256-5485},
	url = {https://revistas.unal.edu.co/index.php/recs/article/view/64743},
	doi = {10.15446/rcs.v41n2.64743},
	abstract = {El presente trabajo se ocupa de los diferenciales en las condiciones de vida a partir del análisis de la estructura de clases sociales en el Gran Buenos Aires (gba) en el periodo 2003-2013. Específicamente se estudia la relación existente entre la posición que ocupan los hogares en la estructura de clases, la percepción de ingresos (desagregado por fuente laboral o no laboral), la calidad de los empleos en los que se insertan los miembros de cada clase y la situación habitacional.Para el desarrollo de la investigación, se utilizaron como fuente de información las bases de microdatos de la Encuesta Permanente de Hogares (eph) del Instituto Nacional de Estadísticas y Censos (indec). El esquema de clases sociales utilizado se construye a partir del Nomenclador de la Condición Sociocupacional de Susana Torrado (1992, 1998). El objetivo general de este artículo es indagar sobre los cambios y/o continuidades en las condiciones de bienestar, durante gran parte del periodo kirchnerista (2003-2013), al interior de la estructura de clases. De este modo, se aportan insumos para pensar la desigualdad social y, a más largo plazo, elementos para repensar los efectos que el modelo socioeconómico, centrado en el empleo, tuvo sobre la estructura de clases, particularmente en su composición.Los principales resultados indican que en el periodo analizado se evidencia una mayor participación de la clase trabajadora en la estructura de clases, de la mano de una recomposición de sus ingresos monetarios. El efecto de lo anterior es la baja en los niveles de subocupación y el aumento del trabajo registrado. Finalmente, en relación con los indicadores de hábitat, hacia el final del periodo la distribución continúa siendo marcadamente desigual por estructura de clases, siendo los estratos más bajos los más desventajados, aunque se evidencia una mejora en términos de conexión a servicios básicos para los trabajadores marginales y obreros calificados.},
	language = {es},
	number = {2},
	urldate = {2018-10-08},
	journal = {Revista Colombiana de Sociología},
	author = {Pla, Jésica and Rodríguez de la Fuente, José and Sacco, Nicolás},
	month = jul,
	year = {2018},
	keywords = {Argentina, clases sociales, social classes, estructura social, social structure, classes sociais, condiciones de vida, condições de vida, desigualdad social, desigualdade social, estrutura social, job market, living conditions, mercado de trabajo, mercado de trabalho, social inequality},
	pages = {189--231},
	file = {Pla et al. - 2018 - Clases sociales y condiciones de vida en el Gran B.pdf:C\:\\Users\\Chicho\\Zotero\\storage\\EP2WKDAE\\Pla et al. - 2018 - Clases sociales y condiciones de vida en el Gran B.pdf:application/pdf;Snapshot:C\:\\Users\\Chicho\\Zotero\\storage\\AGNJTQFH\\64743.html:text/html},
}

@incollection{ChavezMolina.Pla2018,
	address = {Buenos Aires},
	title = {Estructura social, distribución del ingreso y de la riqueza material: aportes desde la mirada de la clase social},
	booktitle = {La argentina en el siglo {XXI}. {Cómo} somos, vivimos y convivimos en una sociedad desigual. {Encuesta} {Nacional} sobre estructura social},
	publisher = {Siglo Veintiuno Editores},
	author = {Chávez Molina, Eduardo and Pla, Jésica},
	editor = {Piovani, Juan Ignacio and Salvia, Agustín},
	year = {2018},
}

@article{GomezRojas.Riveiro2014,
	title = {Hacia una mirada de género en los estudios de movilidad social: interrogantes teórico-metodológicos},
	volume = {4},
	issn = {2215-9312},
	shorttitle = {Hacia una mirada de género en los estudios de movilidad social},
	url = {https://www.srg.com.co/bcsr/index.php/bcsr/article/view/74},
	language = {es},
	number = {1},
	urldate = {2018-10-22},
	journal = {Boletín Científico Sapiens Research},
	author = {Gómez Rojas, Gabriela and Riveiro, Manuel},
	month = jan,
	year = {2014},
	keywords = {Intergeneracional, movilidad, mujeres, varones.},
	pages = {26--31},
	file = {Full Text PDF:C\:\\Users\\Chicho\\Zotero\\storage\\QGLVVXL7\\Gómez-Rojas y Riveiro - 2014 - Hacia una mirada de género en los estudios de movi.pdf:application/pdf;Snapshot:C\:\\Users\\Chicho\\Zotero\\storage\\VQGMVBTK\\74.html:text/html},
}

@incollection{Dalle.etal2018,
	address = {Buenos Aires},
	title = {Movilidad social intergeneracional},
	booktitle = {La {Argentina} en el siglo {XXI}. {Cómo} somos, vivimos y convivimos en una sociedad desigual. {Encuesta} {Nacional} sobre la {Estructura} {Social}.},
	publisher = {Siglo Veintiuno Editores},
	author = {Dalle, Pablo and Jorrat, Jorge Raúl and Riveiro, Manuel},
	editor = {Salvia, Agustín and Piovani, Juan Ignacio},
	year = {2018},
}

@incollection{Maceira2018,
	address = {Buenos Aires},
	title = {Clases y diferenciación social},
	booktitle = {La {Argentina} en el siglo {XXI}. {Cómo} somos, vivimos y convivimos en una sociedad desigual. {Encuesta} {Nacional} sobre la {Estructura} {Social}.},
	publisher = {Siglo Veintiuno Editores},
	author = {Maceira, Verónica},
	editor = {Piovani, Juan Ignacio and Salvia, Agustín},
	year = {2018},
}

@incollection{Germani2010,
	address = {Buenos Aires},
	title = {Clase social subjetiva e indicadores objetivos de estratificación},
	booktitle = {Gino {Germani}. {La} sociedad en cuestión. {Antología} comentada},
	publisher = {CLACSO},
	author = {Germani, Gino},
	editor = {Mera, Carolina and Rebón, Julián},
	year = {2010},
	pages = {169},
	file = {Full Text:C\:\\Users\\Chicho\\Zotero\\storage\\BSIQNC6S\\Germani - 1963 - Clase social subjetiva e indicadores objetivos de .pdf:application/pdf},
}

@book{Minoldo.Born2019,
	title = {Claroscuros: 9 años de datos bajo sospecha ({EPH} en {Argentina} entre 2007 y 2015)},
	isbn = {978-987-3713-34-7},
	shorttitle = {Claroscuros},
	url = {https://issuu.com/cieseditora/docs/claroscuros_minoldo-born},
	language = {Spanish},
	author = {Minoldo, Sol and Born, Diego},
	year = {2019},
	note = {OCLC: 1151165249},
	file = {Minoldo - 2019 - Claroscuros 9 años de datos bajo sospecha (EPH en.pdf:C\:\\Users\\Chicho\\Zotero\\storage\\ZPZKIFH5\\Minoldo - 2019 - Claroscuros 9 años de datos bajo sospecha (EPH en.pdf:application/pdf},
}

@misc{OIT2008,
	title = {Clasificación {Internacional} {Uniforme} de {Ocupaciones} ({CIUO}-08) – {Marco} conceptual},
	publisher = {OIT},
	author = {OIT},
	year = {2008},
	file = {annex1 CIUO 08.pdf:C\:\\Users\\Chicho\\Zotero\\storage\\ZJDJ3Z8B\\annex1 CIUO 08.pdf:application/pdf},
}

@misc{OIT2008a,
	title = {Resolución sobre la actualización de la {Clasificación} {Internacional} {Uniforme} de {Ocupaciones}},
	publisher = {OIT},
	author = {OIT},
	year = {2008},
	file = {OIT - 2008 - Resolución sobre la actualización de la Clasificac.pdf:C\:\\Users\\Chicho\\Zotero\\storage\\36YWQLG7\\OIT - 2008 - Resolución sobre la actualización de la Clasificac.pdf:application/pdf},
}

@article{Adamovsky2020,
	title = {«{Clase} media»: mitos, usos y realidades},
	volume = {285},
	language = {es},
	journal = {Nueva Sociedad},
	author = {Adamovsky, Ezequiel},
	year = {2020},
	pages = {12},
	file = {Adamovsky - «Clase media» mitos, usos y realidades.pdf:C\:\\Users\\Chicho\\Zotero\\storage\\GWCHFTU3\\Adamovsky - «Clase media» mitos, usos y realidades.pdf:application/pdf;Adamovsky - 2020 - «Clase media» mitos, usos y realidades.pdf:C\:\\Users\\Chicho\\Zotero\\storage\\WGRAUAYH\\Adamovsky - 2020 - «Clase media» mitos, usos y realidades.pdf:application/pdf},
}

@article{Sacco2019,
	title = {Estructura social de la {Argentina}, 1976-2011},
	url = {https://dialnet.unirioja.es/servlet/articulo?codigo=6856110},
	number = {32},
	journal = {Trabajo y sociedad},
	author = {Sacco, Nicolás},
	year = {2019},
	note = {Publisher: Universidad Nacional de Santiago del Estero},
	pages = {25--51},
	file = {Full Text:C\:\\Users\\Chicho\\Zotero\\storage\\3N2IKCXV\\Sacco - 2019 - Estructura social de la Argentina, 1976-2011.pdf:application/pdf;Snapshot:C\:\\Users\\Chicho\\Zotero\\storage\\B4KATFHL\\articulo.html:text/html},
}

@misc{INDEC2020,
	title = {Encuesta {Permanente} de {Hogares}. {Diseño} de registro y estructura para las bases preliminares {Hogar} y {Personas}.},
	url = {https://www.indec.gob.ar/ftp/cuadros/menusuperior/eph/EPH_registro_1t20.pdf},
	publisher = {INDEC},
	author = {INDEC},
	year = {2020},
}

@article{Solis.etal2019,
	title = {Class {Structure}, {Labor} {Market} {Heterogeneity}, and {Living} {Conditions} in {Latin} {America}},
	volume = {54},
	url = {https://larrlasa.org/articles/10.25222/larr.442/},
	number = {4},
	journal = {Latin American Research Review},
	author = {Solís, Patricio and Chávez Molina, Eduardo and Cobos, Daniel},
	year = {2019},
	note = {Publisher: Latin American Studies Association},
	file = {Full Text:C\:\\Users\\Chicho\\Zotero\\storage\\NMDX6KH9\\print.html:text/html;Solís et al. - 2019 - Class Structure, Labor Market Heterogeneity, and L.pdf:C\:\\Users\\Chicho\\Zotero\\storage\\C6ME9A3N\\Solís et al. - 2019 - Class Structure, Labor Market Heterogeneity, and L.pdf:application/pdf},
}

@techreport{kozlowski2020,
	type = {manual},
	title = {eph: {Argentina}'s permanent household survey data and manipulation utilities},
	url = {https://holatam.github.io/eph/},
	author = {Kozlowski, Diego and Tiscornia, Pablo and Weksler, Guido and Rosati, German and Shokida, Natsumi},
	year = {2020},
	doi = {10.5281/zenodo.3462677},
}

@misc{INDEC2018b,
	title = {{CNO}. {Correspondencias} entre el {CNO}-17 y la {CIUO}-08.},
	url = {https://www.indec.gob.ar/ftp/cuadros/menusuperior/clasificadores/correspondencias_cno2017_ciuo2008.pdf},
	urldate = {2020-09-16},
	author = {INDEC},
	year = {2018},
	file = {correspondencias_cno2017_ciuo2008.pdf:C\:\\Users\\Chicho\\Zotero\\storage\\52IGPY52\\correspondencias_cno2017_ciuo2008.pdf:application/pdf},
}

@misc{INDEC2018,
	title = {Clasificador {Nacional} de {Ocupaciones} ({CNO}). {Definiciones} conceptuales.},
	url = {https://www.indec.gob.ar/ftp/cuadros/menusuperior/clasificadores/definiciones_conceptuales_cno.pdf},
	language = {es},
	author = {INDEC},
	year = {2018},
	file = {INDEC - 2018 - Clasificador Nacional de Ocupaciones (CNO). Defini.pdf:C\:\\Users\\Chicho\\Zotero\\storage\\NIPLHUG8\\INDEC - 2018 - Clasificador Nacional de Ocupaciones (CNO). Defini.pdf:application/pdf},
}

@incollection{Elbert2020,
	address = {Buenos Aires},
	title = {Posición de clase objetiva y auto-identificación de clase.},
	booktitle = {El análisis de clases sociales. {Pensando} la movilidad social, la residencia, los lazos sociales, la identidad y la agencia.},
	publisher = {CLACSO - IIGG},
	author = {Elbert, Rodolfo},
	collaborator = {Dalle, Pablo and Sautu, Ruth and Boniolo, Paula and Elbert, Rodolfo},
	year = {2020},
}

@book{ChavezMolina.etal2020,
	address = {Buenos Aires},
	series = {Cuadernos de {Métodos} y {Técnicas} de la investigación social ¿{Cómo} se hace?},
	title = {Propuesta de correspondencias entre {CNO} y {CIUO}. {Sintaxis} para {SPSS}, {STATA} y {R}.},
	volume = {6},
	copyright = {All rights reserved},
	isbn = {978-950-29-1870-9},
	url = {http://iigg.sociales.uba.ar/2020/09/30/his-6-propuesta-de-correspondencias-entre-cno-y-ciuo-sintaxis-para-spss-stata-y-r/?fbclid=IwAR3RvLDs7H8wYHDqUooZMEI74HIDS6MXT3YbEjstG44yt0DB9tFj0VwlT9A},
	language = {es},
	publisher = {IIGG},
	author = {Chávez Molina, Eduardo Chávez and Bernasconi, Franco and Rodríguez de la Fuente, José Javier},
	year = {2020},
	file = {Molina y Bernasconi - PROPUESTA DE CORRESPONDENCIAS ENTRE CNO Y CIUO. SI.pdf:C\:\\Users\\Chicho\\Zotero\\storage\\U5MDB37R\\Molina y Bernasconi - PROPUESTA DE CORRESPONDENCIAS ENTRE CNO Y CIUO. SI.pdf:application/pdf},
}

@article{Nisbet1959,
	title = {The decline and fall of social class},
	volume = {2},
	number = {1},
	journal = {Pacific sociological review},
	author = {Nisbet, Robert A.},
	year = {1959},
	note = {Publisher: SAGE Publications Sage CA: Los Angeles, CA},
	pages = {11--17},
	file = {Snapshot:C\:\\Users\\Chicho\\Zotero\\storage\\MUCY5E3T\\1388331.html:text/html},
}

@book{Gouldner2000,
	address = {Buenos Aires},
	title = {La crisis de la sociología occidental},
	publisher = {Amorrortu},
	author = {Gouldner, Alvin W.},
	year = {2000},
}

@article{Rose.Harrison2007,
	title = {{THE} {EUROPEAN} {SOCIO}-{ECONOMIC} {CLASSIFICATION}: {A} {NEW} {SOCIAL} {CLASS} {SCHEMA} {FOR} {COMPARATIVE} {EUROPEAN} {RESEARCH}},
	volume = {9},
	issn = {1461-6696, 1469-8307},
	shorttitle = {{THE} {EUROPEAN} {SOCIO}-{ECONOMIC} {CLASSIFICATION}},
	url = {http://www.tandfonline.com/doi/abs/10.1080/14616690701336518},
	doi = {10.1080/14616690701336518},
	language = {en},
	number = {3},
	urldate = {2020-10-14},
	journal = {European Societies},
	author = {Rose, David and Harrison, Eric},
	month = jul,
	year = {2007},
	pages = {459--490},
	file = {Rose y Harrison - 2007 - THE EUROPEAN SOCIO-ECONOMIC CLASSIFICATION A NEW .pdf:C\:\\Users\\Chicho\\Zotero\\storage\\KD8PRLI4\\Rose y Harrison - 2007 - THE EUROPEAN SOCIO-ECONOMIC CLASSIFICATION A NEW .pdf:application/pdf},
}

@misc{INDEC2018a,
	title = {{CNO}. {Clasificador} {Nacional} de {Ocupaciones}. {Versión} 2017},
	url = {https://www.indec.gob.ar/ftp/cuadros/menusuperior/clasificadores/CNO_2017.pdf},
	author = {INDEC},
	year = {2018},
}

@article{Sno.Ganzeboom2017,
	title = {{THE} {OCCUPATIONAL} {STRATIFICATION} {OF} {SURINAME}: {HOTDOG} {OR} {POM}? {A} {COMPARISON} {OF} {AN} {INTERNATIONAL} {AND} {A} {COUNTRY}-{SPECIFIC} {SEI}-{SCALE1}},
	shorttitle = {{THE} {OCCUPATIONAL} {STRATIFICATION} {OF} {SURINAME}},
	author = {Sno, Tamira E. and Ganzeboom, Harry BG},
	year = {2017},
	file = {Full Text:C\:\\Users\\Chicho\\Zotero\\storage\\B5IBRUV3\\Sno y Ganzeboom - THE OCCUPATIONAL STRATIFICATION OF SURINAME HOTDO.pdf:application/pdf},
}

@article{Fujihara2020,
	title = {Socio-{Economic} {Standing} and {Social} {Status} in {Contemporary} {Japan}: {Scale} {Constructions} and {Their} {Applications}},
	volume = {36},
	shorttitle = {Socio-{Economic} {Standing} and {Social} {Status} in {Contemporary} {Japan}},
	number = {4},
	journal = {European Sociological Review},
	author = {Fujihara, Sho},
	year = {2020},
	note = {Publisher: Oxford University Press},
	pages = {548--561},
	file = {Full Text:C\:\\Users\\Chicho\\Zotero\\storage\\VGQ4QK4V\\5841157.html:text/html;Snapshot:C\:\\Users\\Chicho\\Zotero\\storage\\XPIS7HLE\\5841157.html:text/html},
}

@article{Sacco.Borges2018,
	title = {¿{Converge} la fecundidad en {Brasil} y {Argentina}? {Un} enfoque desde las desigualdades},
	volume = {35},
	copyright = {Copyright (c) 2018 Revista Brasileira de Estudos de População},
	issn = {1980-5519},
	shorttitle = {¿{Converge} la fecundidad en {Brasil} y {Argentina}?},
	url = {https://rebep.emnuvens.com.br/revista/article/view/1180},
	doi = {10.20947/S0102-3098a0039},
	abstract = {Resumo
					A ideia de uma tendência da fecundidade na direção de níveis convergentes na América Latina e Caribe tem uma ampla aceitação, tanto em estudos acadêmicos quanto nos pressupostos das projeções de população dos países da região. Contudo, pouco se sabe sobre os processos de convergência demográfica ao se decompor a fecundidade segundo variáveis de diferenciação social. O objetivo deste artigo foi observar de forma comparada a hipótese de convergência demográfica na Argentina e no Brasil de 1970 a 2010 de acordo com uma análise de período das taxas de fecundidade total segundo regiões estatísticas, níveis educativos e categorias sócio- ocupacionais. Os dados provêm dos censos nacionais de população e as variáveis foram harmonizadas de forma a permitir comparação entre ambos os países. Utilizou-se uma modificação da técnica P/F de Brass e do modelo relacional de Gompertz para estimar os níveis de fecundidade, e medidas de convergência e dispersão para avaliar as variáveis de análise. Os resultados mostram evidência de convergência durante o período de estudo, especialmente para o Brasil, ainda que com alguns ciclos de divergência e diferenças notórias entre os dois países, em particular daqueles derivados da posição na estrutura ocupacional.},
	language = {en},
	number = {1},
	urldate = {2020-11-17},
	journal = {Revista Brasileira de Estudos de População},
	author = {Sacco, Nicolás and Borges, Gabriel},
	month = jun,
	year = {2018},
	note = {Number: 1},
	keywords = {Argentina, Brasil, Convergência demográfica, Estrutura social, Fecundidade},
	pages = {1--29},
	file = {Full Text PDF:C\:\\Users\\Chicho\\Zotero\\storage\\V3CQUDUD\\Sacco y Borges - 2018 - ¿Converge la fecundidad en Brasil y Argentina Un .pdf:application/pdf;Snapshot:C\:\\Users\\Chicho\\Zotero\\storage\\CBQHXDCD\\1180.html:text/html},
}

@article{RodriguezdelaFuente2020b,
	title = {Evolución de la estructura de clases y el bienestar material en la {Ciudad} {Autónoma} de {Buenos} {Aires} contemporánea (2004-2015)},
	volume = {29},
	copyright = {All rights reserved},
	issn = {1668–5458},
	journal = {Población de Buenos Aires},
	author = {Rodríguez de la Fuente, José Javier},
	year = {2020},
	file = {Rodríguez de la Fuente - 2020 - Evolución de la estructura de clases y el bienesta.pdf:C\:\\Users\\Chicho\\Zotero\\storage\\WFUNKHLG\\Rodríguez de la Fuente - 2020 - Evolución de la estructura de clases y el bienesta.pdf:application/pdf},
}

@book{RodriguezdelaFuente2020,
	address = {Buenos Aires},
	title = {Del origen de clase a las condiciones de vida actuales. {Movilidad} social y bienestar material en la {Ciudad} de {Buenos} {Aires} (2004-2015)},
	copyright = {All rights reserved},
	isbn = {978-987-867-544-2},
	url = {https://www.teseopress.com/origendeclase/},
	abstract = {¿Cómo se compone la estructura social porteña? ¿Cuán desiguales son las clases sociales en términos del acceso al bienestar? ¿Qué factores impulsan la movilidad social entre padres e hijos? ¿En qué medida las condiciones de partida “dejan su huella” en la vida de los individuos?El libro intenta responder a dichos interrogantes poniendo en diálogo a las tradiciones de estudios de movilidad social y de análisis de clases, a los fines de comprender el modo en que los orígenes sociales pueden dar cuenta de las desigualdades en las condiciones de vida. Puntualmente se estudia el vínculo existente entre las diferenciales trayectorias intergeneracionales de clase y el acceso desigual a diversos activos y recursos que son constitutivos del bienestar material de los hogares: el nivel de ingresos monetarios, el acceso a la propiedad de la vivienda y el nivel de consumo de los hogares.Partiendo desde un enfoque cuantitativo, se utilizan una serie de fuentes de datos primarias y secundarias. Espacialmente el análisis se vuelca sobre la Ciudad Autónoma de Buenos Aires (CABA), cuyas características y dinámicas propias, que la diferencian del resto del área metropolitana, la configuran como una ciudad de clases medias. El recorte temporal abarca el período 2004-2015, representativo de lo que se ha denominado “modelo neodesarrollista”.},
	language = {es-es},
	urldate = {2020-11-27},
	publisher = {Teseo Press},
	author = {Rodríguez de la Fuente, José Javier},
	year = {2020},
	file = {Rodríguez de la Fuente - Del origen de clase a las condiciones de vida actu.pdf:C\:\\Users\\Chicho\\Zotero\\storage\\YSS9C3AY\\Rodríguez de la Fuente - Del origen de clase a las condiciones de vida actu.pdf:application/pdf;Snapshot:C\:\\Users\\Chicho\\Zotero\\storage\\6ZTSXZM7\\origendeclase.html:text/html},
}

@article{ChavezMolina.RodriguezdelaFuente2021,
	title = {Clases sociales y desigualdad en la {Argentina} contemporánea (2011-2019)},
	volume = {51},
	copyright = {Derechos de autor 2021 Eduardo Chávez Molina, José Rodríguez de la Fuente},
	issn = {2618-1711},
	url = {https://ojs.iade.org.ar/index.php/re/article/view/147},
	abstract = {Resumen
					El presente trabajo analiza los cambios y las continuidades en la estructura de clases socio-ocupacionales para el período 2011-2019 en la Argentina urbana. Para ello, se analizan los cambios ocurridos en la composición por sexo y región, a la vez que se estudia la evolución en la distribución de los ingresos entre las clases a lo largo del período. En base a los microdatos de la encuesta permanente de Hogares (EPH) del INDEC, se considera a la población económicamente activa (PEA) como unidad de análisis, y se clasifica a la población a partir de la adaptación del esquema EGP (Erikson-Goldthorpe-Portocarero). De esta forma, se observan algunos rasgos de transformación incipiente, pero marcando una tendencia en la estructura de clases, de relativo achicamiento de la clase de trabajadores manuales calificados, a la vez que se verifica un crecimiento de la clase de servicios. Por otro lado, se observa un cambio de tendencia desde 2016, que se profundiza en 2018, hacia una mayor desigualdad económica entre las clases.},
	language = {es},
	number = {339},
	urldate = {2021-05-26},
	journal = {Realidad económica},
	author = {Chávez Molina, Eduardo and Rodríguez de la Fuente, José Javier},
	month = may,
	year = {2021},
	note = {Number: 339},
	keywords = {Clase social, Desigualdad social, Estructura social, Ingresos, Macrismo},
	pages = {9 a 36--9 a 36},
	file = {Full Text PDF:C\:\\Users\\Chicho\\Zotero\\storage\\JXKAKIXT\\Molina y Fuente - 2021 - Clases sociales y desigualdad en la Argentina cont.pdf:application/pdf;Snapshot:C\:\\Users\\Chicho\\Zotero\\storage\\KDHP65QM\\147.html:text/html},
}

@incollection{ChavezMolina.RodriguezdelaFuente2021a,
	address = {Buenos Aires},
	series = {Documentos de {Trabajo}},
	title = {Estructura social y distribución del ingreso. {Cambios} recientes en las clases ocupacionales de los aglomerados urbanos argentinos, 2011-2019.},
	copyright = {All rights reserved},
	isbn = {978-950-29-1907-2},
	number = {86},
	booktitle = {El desencuentro. {Distancias} y diferencias de clase en una {Argentina} desigual},
	publisher = {IIGG},
	author = {Chávez Molina, Eduardo and Rodríguez de la Fuente, José Javier},
	collaborator = {Chávez Molina, Eduardo and Muñiz Terra, Leticia},
	year = {2021},
	file = {Chávez Molina y Rodríguez de la Fuente - 2021 - Estructura social y distribución del ingreso. Camb.pdf:C\:\\Users\\Chicho\\Zotero\\storage\\E9YKS3FF\\Chávez Molina y Rodríguez de la Fuente - 2021 - Estructura social y distribución del ingreso. Camb.pdf:application/pdf},
}

@book{Osorio2001,
	title = {Fundamentos del análisis social: la realidad social y su conocimiento},
	isbn = {978-968-16-6226-4},
	shorttitle = {Fundamentos del análisis social},
	abstract = {Esta obra subsana una carencia en la bibliografia disponible sobre epistemologia y metodologia que hasta ahora oscilaba entre dos extremos: los textos dedicados a especialistas, por un lado, y, por el otro, los manuales utiles solo para hacer tesis o aplicar tecnicas de investigacion. Ahora, con el presente titulo, el estudiante podra tener acceso a una perspectiva instrumental util en ese campo particular del estudio de las ciencias sociales.},
	language = {es},
	publisher = {Fondo de Cultura Económica},
	author = {Osorio, Jaime},
	year = {2001},
	keywords = {Social Science / Sociology / General},
	file = {Osorio - 2001 - Fundamentos del análisis social la realidad socia.pdf:C\:\\Users\\Chicho\\Zotero\\storage\\B5F99U8A\\Osorio - 2001 - Fundamentos del análisis social la realidad socia.pdf:application/pdf},
}

@article{Clifford.Heath1993,
	title = {The political consequences of social mobility},
	volume = {156},
	number = {1},
	journal = {Journal of the Royal Statistical Society: Series A (Statistics in Society)},
	author = {Clifford, Peter and Heath, Anthony Francis},
	year = {1993},
	note = {Publisher: Wiley Online Library},
	pages = {51--61},
	file = {Full Text:C\:\\Users\\Chicho\\Zotero\\storage\\ZK52VGTB\\Clifford y Heath - 1993 - The political consequences of social mobility.pdf:application/pdf},
}
